<?xml version="1.0" encoding="UTF-8"?><collection xmlns="http://www.loc.gov/MARC21/slim"><record><leader>00549nam--2200169-i-4500</leader><controlfield tag="001">000016386</controlfield><controlfield tag="002">20161230</controlfield><controlfield tag="005">20161230201031</controlfield><controlfield tag="008">060222s1000------------r-----000-0-eng-d</controlfield><datafield ind1=" " ind2=" " tag="040"><subfield code="a">IFIN-HH</subfield></datafield><datafield ind1=" " ind2=" " tag="080"><subfield code="a">539.171.016(043)</subfield></datafield><datafield ind1="1" ind2=" " tag="100"><subfield code="a">Box, Gijsbert</subfield></datafield><datafield ind1="1" ind2="0" tag="245"><subfield code="a">Elastic electron scattering from the magnetiza tion distributions of 93nb and 115in elastic charge scattering from zr, nb, mo, cd, in and sn</subfield><subfield code="b">These</subfield><subfield code="c">Gijsbert box</subfield></datafield><datafield ind1=" " ind2=" " tag="260"><subfield code="a">Amsterdam</subfield><subfield code="b">Universiteit</subfield><subfield code="c">1976</subfield></datafield><datafield ind1=" " ind2=" " tag="300"><subfield code="a">71 P</subfield></datafield><datafield ind1=" " ind2=" " tag="852"><subfield code="a">78160</subfield><subfield code="c">539.17</subfield></datafield><datafield ind1=" " ind2=" " tag="CAT"><subfield code="a">Sys</subfield><subfield code="c">20120626</subfield><subfield code="h">131923</subfield></datafield></record></collection>